@article{Lamport:1998:PP:279227.279229,
 author = {Lamport, Leslie},
 title = {The Part-time Parliament},
 journal = {ACM Trans. Comput. Syst.},
 issue_date = {May 1998},
 volume = {16},
 number = {2},
 month = may,
 year = {1998},
 issn = {0734-2071},
 pages = {133--169},
 numpages = {37},
 url = {http://doi.acm.org/10.1145/279227.279229},
 doi = {10.1145/279227.279229},
 acmid = {279229},
 publisher = {ACM},
 address = {New York, NY, USA},
 keywords = {state machines, three-phase commit, voting},
}

@article{DBLP:journals/corr/HowardMS16,
  author    = {Heidi Howard and
               Dahlia Malkhi and
               Alexander Spiegelman},
  title     = {Flexible Paxos: Quorum intersection revisited},
  journal   = {CoRR},
  volume    = {abs/1608.06696},
  year      = {2016},
  url       = {http://arxiv.org/abs/1608.06696},
  timestamp = {Wed, 07 Jun 2017 14:40:09 +0200},
  biburl    = {http://dblp.uni-trier.de/rec/bib/journals/corr/HowardMS16},
  bibsource = {dblp computer science bibliography, http://dblp.org}
}